% This file was created with JabRef 2.7.2.
% Encoding: UTF8

@comment{jabref-meta: selector_publisher:}

@comment{jabref-meta: selector_author:}

@comment{jabref-meta: selector_journal:}

@comment{jabref-meta: selector_keywords:}

@TechReport{LFWTech,
  author =       {Gary B. Huang and Manu Ramesh and Tamara Berg and 
                  Erik Learned-Miller},
  title =        {Labeled Faces in the Wild: A Database for Studying 
                  Face Recognition in Unconstrained Environments},
  institution =  {University of Massachusetts, Amherst},
  year =         2007,
  number =       {07-49},
  month =        {October}}

@article{Bee10,
    title = {High-Quality Single-Shot Capture of Facial Geometry},
    author = {Thabo Beeler and Bernd Bickel and Paul Beardsley and Bob Sumner and Markus Gross},
    journal = {ACM Trans. on Graphics (Proc. SIGGRAPH)},
    number = {3},
    volume = {29},
    year = {2010},
    pages = {40:1--40:9},
} 

@article{orth1952,
year={1952},
issn={0033-3123},
journal={Psychometrika},
volume={17},
number={4},
doi={10.1007/BF02288918},
title={The orthogonal approximation of an oblique structure in factor analysis},
url={http://dx.doi.org/10.1007/BF02288918},
publisher={Springer-Verlag},
author={Green, BertF.},
pages={429-440},
language={English}
}

@INPROCEEDINGS{Triggs00bundleadjustment,
    author = {Bill Triggs and Philip McLauchlan and Richard Hartley and Andrew Fitzgibbon},
    title = {Bundle Adjustment -- A Modern Synthesis},
    booktitle = {VISION ALGORITHMS: THEORY AND PRACTICE, LNCS},
    year = {2000},
    pages = {298--375},
    publisher = {Springer Verlag}
}

@inproceedings{graham2013measurement,
  title={Measurement-Based Synthesis of Facial Microgeometry},
  author={Graham, Paul and Tunwattanapong, Borom and Busch, Jay and Yu, Xueming and Jones, Andrew and Debevec, Paul and Ghosh, Abhijeet},
  booktitle={Computer Graphics Forum},
  volume={32},
  number={2pt3},
  pages={335--344},
  year={2013},
  organization={Wiley Online Library}
}

@article{alexander2010digital,
  title={The digital emily project: Achieving a photorealistic digital actor},
  author={Alexander, Oleg and Rogers, Mike and Lambeth, William and Chiang, Jen-Yuan and Ma, Wan-Chun and Wang, Chuan-Chang and Debevec, Paul},
  journal={Computer Graphics and Applications, IEEE},
  volume={30},
  number={4},
  pages={20--31},
  year={2010},
  publisher={IEEE}
}


@inproceedings{sun2014deep,
  title={Deep learning face representation by joint identification-verification},
  author={Sun, Yi and Chen, Yuheng and Wang, Xiaogang and Tang, Xiaoou},
  booktitle={Advances in Neural Information Processing Systems},
  pages={1988--1996},
  year={2014}
}

@inproceedings{zhu2013deep,
  title={Deep learning identity-preserving face space},
  author={Zhu, Zhenyao and Luo, Ping and Wang, Xiaogang and Tang, Xiaoou},
  booktitle={Computer Vision (ICCV), 2013 IEEE International Conference on},
  pages={113--120},
  year={2013},
  organization={IEEE}
}

@inproceedings{taigman2014deepface,
  title={Deepface: Closing the gap to human-level performance in face verification},
  author={Taigman, Yaniv and Yang, Ming and Ranzato, Marc'Aurelio and Wolf, Lior},
  booktitle={Computer Vision and Pattern Recognition (CVPR), 2014 IEEE Conference on},
  pages={1701--1708},
  year={2014},
  organization={IEEE}
}

@article{bronstein2005three,
  title={Three-dimensional face recognition},
  author={Bronstein, Alexander M and Bronstein, Michael M and Kimmel, Ron},
  journal={International Journal of Computer Vision},
  volume={64},
  number={1},
  pages={5--30},
  year={2005},
  publisher={Springer}
}

@article{heseltine2008three,
  title={Three-dimensional face recognition using combinations of surface feature map subspace components},
  author={Heseltine, Thomas and Pears, Nick and Austin, Jim},
  journal={Image and Vision Computing},
  volume={26},
  number={3},
  pages={382--396},
  year={2008},
  publisher={Elsevier}
}

@article{kakadiaris2007three,
  title={Three-dimensional face recognition in the presence of facial expressions: An annotated deformable model approach},
  author={Kakadiaris, Ioannis A and Passalis, Georgios and Toderici, George and Murtuza, Mohammed N and Lu, Yunliang and Karampatziakis, Nikolaos and Theoharis, Theoharis},
  journal={Pattern Analysis and Machine Intelligence, IEEE Transactions on},
  volume={29},
  number={4},
  pages={640--649},
  year={2007},
  publisher={IEEE}
}

@article{queirolo20103d,
  title={3D face recognition using simulated annealing and the surface interpenetration measure},
  author={Queirolo, Chaua C and Silva, Luciano and Bellon, Olga RP and Pamplona Segundo, Mauricio},
  journal={Pattern Analysis and Machine Intelligence, IEEE Transactions on},
  volume={32},
  number={2},
  pages={206--219},
  year={2010},
  publisher={IEEE}
}

@article{gupta2010anthropometric,
  title={Anthropometric 3D face recognition},
  author={Gupta, Shalini and Markey, Mia K and Bovik, Alan C},
  journal={International Journal of Computer Vision},
  volume={90},
  number={3},
  pages={331--349},
  year={2010},
  publisher={Springer}
}

@inproceedings{xu2004automatic,
  title={Automatic 3D face recognition combining global geometric features with local shape variation information},
  author={Xu, Chenghua and Wang, Yunhong and Tan, Tieniu and Quan, Long},
  booktitle={Automatic face and gesture recognition, 2004. Proceedings. Sixth IEEE international conference on},
  pages={308--313},
  year={2004},
  organization={IEEE}
}

@incollection{savran2008bosphorus,
  title={Bosphorus database for 3D face analysis},
  author={Savran, Arman and Aly{\"u}z, Ne{\c{s}}e and Dibeklio{\u{g}}lu, Hamdi and {\c{C}}eliktutan, Oya and G{\"o}kberk, Berk and Sankur, B{\"u}lent and Akarun, Lale},
  booktitle={Biometrics and Identity Management},
  pages={47--56},
  year={2008},
  publisher={Springer}
}


@article{baocai2009bjut,
  title={BJUT-3D Large Scale 3D Face Database and Information Processing [J]},
  author={Baocai, Yin and Yanfeng, Sun and Chengzhang, Wang and Yun, Ge},
  journal={Journal of Computer Research and Development},
  volume={6},
  pages={020},
  year={2009}
}

@inproceedings{faltemier2007using,
  title={Using a multi-instance enrollment representation to improve 3D face recognition},
  author={Faltemier, Timothy C and Bowyer, Kevin W and Flynn, Patrick J},
  booktitle={Biometrics: Theory, Applications, and Systems, 2007. BTAS 2007. First IEEE International Conference on},
  pages={1--6},
  year={2007},
  organization={IEEE}
}

@article{troje1996face,
  title={Face recognition under varying poses: The role of texture and shape},
  author={Troje, Nikolaus F and B{\"u}lthoff, Heinrich H},
  journal={Vision research},
  volume={36},
  number={12},
  pages={1761--1771},
  year={1996},
  publisher={Elsevier}
}

@inproceedings{mian2009shade,
  title={Shade face: multiple image-based 3D face recognition},
  author={Mian, Ajmal S},
  booktitle={Computer Vision Workshops (ICCV Workshops), 2009 IEEE 12th International Conference on},
  pages={1833--1839},
  year={2009},
  organization={IEEE}
}

@article{mian2011illumination,
  title={Illumination invariant recognition and 3D reconstruction of faces using desktop optics},
  author={Mian, Ajmal},
  journal={Optics express},
  volume={19},
  number={8},
  pages={7491--7506},
  year={2011},
  publisher={Optical Society of America}
}

@article{heseltine2008three,
  title={Three-dimensional face recognition using combinations of surface feature map subspace components},
  author={Heseltine, Thomas and Pears, Nick and Austin, Jim},
  journal={Image and Vision Computing},
  volume={26},
  number={3},
  pages={382--396},
  year={2008},
  publisher={Elsevier}
}

@inproceedings{moreno2004gavabdb,
  title={GavabDB: a 3D face database},
  author={Moreno, AB and Sanchez, A},
  booktitle={Proc. 2nd COST275 Workshop on Biometrics on the Internet, Vigo (Spain)},
  pages={75--80},
  year={2004}
}

@article{beumier2001face,
  title={Face verification from 3D and grey level clues},
  author={Beumier, Charles and Acheroy, Marc},
  journal={Pattern recognition letters},
  volume={22},
  number={12},
  pages={1321--1329},
  year={2001},
  publisher={Elsevier}
}

@inproceedings{phillips2005overview,
  title={Overview of the face recognition grand challenge},
  author={Phillips, P Jonathon and Flynn, Patrick J and Scruggs, Todd and Bowyer, Kevin W and Chang, Jin and Hoffman, Kevin and Marques, Joe and Min, Jaesik and Worek, William},
  booktitle={Computer vision and pattern recognition, 2005. CVPR 2005. IEEE computer society conference on},
  volume={1},
  pages={947--954},
  year={2005},
  organization={IEEE}
}

@inproceedings{debevec2000acquiring,
  title={Acquiring the reflectance field of a human face},
  author={Debevec, Paul and Hawkins, Tim and Tchou, Chris and Duiker, Haarm-Pieter and Sarokin, Westley and Sagar, Mark},
  booktitle={Proceedings of the 27th annual conference on Computer graphics and interactive techniques},
  pages={145--156},
  year={2000},
  organization={ACM Press/Addison-Wesley Publishing Co.}
}

@inproceedings{ma2007rapid,
  title={Rapid acquisition of specular and diffuse normal maps from polarized spherical gradient illumination},
  author={Ma, Wan-Chun and Hawkins, Tim and Peers, Pieter and Chabert, Charles-Felix and Weiss, Malte and Debevec, Paul},
  booktitle={Proceedings of the 18th Eurographics conference on Rendering Techniques},
  pages={183--194},
  year={2007},
  organization={Eurographics Association}
}

@article{bradley2010high,
  title={High resolution passive facial performance capture},
  author={Bradley, Derek and Heidrich, Wolfgang and Popa, Tiberiu and Sheffer, Alla},
  journal={ACM Transactions on Graphics (TOG)},
  volume={29},
  number={4},
  pages={41},
  year={2010},
  publisher={ACM}
}

@article{johansson2013passive,
  title={Passive High Fidelity 3D-Reconstruction},
  author={JOHANSSON, PER JAMOT and S{\"A}LLERG{\AA}RD, ADAM},
  year={2013}
}

@article{liu2015targeting,
  title={Targeting ultimate accuracy: Face recognition via deep embedding},
  author={Liu, Jinguo and Deng, Yafeng and Huang, Chang},
  journal={arXiv preprint arXiv:1506.07310},
  year={2015}
}

@inproceedings{Warren2013,
address = {Karlsruhe},
author = {Warren, Michael and McKinnon, David and Upcroft, Ben},
booktitle = {International Conference on Robotics and Automation (ICRA)},
file = {:E$\backslash$:/Dropbox/documents/Papers/ICRA2013/Online Calibration/onlinecalibration.pdf:pdf},
title = {{Online Calibration of Stereo Rigs for Long-Term Autonomy}},
year = {2013}
}

@inproceedings{zhang1999flexible,
  title={Flexible camera calibration by viewing a plane from unknown orientations},
  author={Zhang, Zhengyou},
  booktitle={Computer Vision, 1999. The Proceedings of the Seventh IEEE International Conference on},
  volume={1},
  pages={666--673},
  year={1999},
  organization={IEEE}
}

@inproceedings{zhang2004extrinsic,
  title={Extrinsic calibration of a camera and laser range finder (improves camera calibration)},
  author={Zhang, Qilong and Pless, Robert},
  booktitle={Intelligent Robots and Systems, 2004.(IROS 2004). Proceedings. 2004 IEEE/RSJ International Conference on},
  volume={3},
  pages={2301--2306},
  year={2004},
  organization={IEEE}
}

@inproceedings{li2013multiple,
  title={A multiple-camera system calibration toolbox using a feature descriptor-based calibration pattern},
  author={Li, Bo and Heng, Liang and Koser, Kevin and Pollefeys, Marc},
  booktitle={Intelligent Robots and Systems (IROS), 2013 IEEE/RSJ International Conference on},
  pages={1301--1307},
  year={2013},
  organization={IEEE}
}

@inproceedings{agrawal2003camera,
  title={Camera calibration using spheres: A semi-definite programming approach},
  author={Agrawal, Motilal and Davis, Larry S},
  booktitle={Computer Vision, 2003. Proceedings. Ninth IEEE International Conference on},
  pages={782--789},
  year={2003},
  organization={IEEE}
}

@article{zhang2007camera,
  title={Camera calibration from images of spheres},
  author={Zhang, Hui and Wong, Kwan-Yee K and Zhang, Guoqiang},
  journal={Pattern Analysis and Machine Intelligence, IEEE Transactions on},
  volume={29},
  number={3},
  pages={499--502},
  year={2007},
  publisher={IEEE}
}

@article{sun2016global,
  title={Global Calibration of Multiple Cameras Based on Sphere Targets},
  author={Sun, Junhua and He, Huabin and Zeng, Debing},
  journal={Sensors},
  volume={16},
  number={1},
  pages={77},
  year={2016},
  publisher={Multidisciplinary Digital Publishing Institute}
}

@inproceedings{svoboda2005software,
  title={A software for complete calibration of multicamera systems},
  author={Svoboda, Tomas},
  booktitle={Electronic Imaging 2005},
  pages={115--128},
  year={2005},
  organization={International Society for Optics and Photonics}
}

@article{fischler1981random,
  title={Random sample consensus: a paradigm for model fitting with applications to image analysis and automated cartography},
  author={Fischler, Martin A and Bolles, Robert C},
  journal={Communications of the ACM},
  volume={24},
  number={6},
  pages={381--395},
  year={1981},
  publisher={ACM}
}

@inproceedings{lowe1999object,
  title={Object recognition from local scale-invariant features},
  author={Lowe, David G},
  booktitle={Computer vision, 1999. The proceedings of the seventh IEEE international conference on},
  volume={2},
  pages={1150--1157},
  year={1999},
  organization={Ieee}
}

@incollection{bay2006surf,
  title={Surf: Speeded up robust features},
  author={Bay, Herbert and Tuytelaars, Tinne and Van Gool, Luc},
  booktitle={Computer vision--ECCV 2006},
  pages={404--417},
  year={2006},
  publisher={Springer}
}

@inproceedings{dalal2005histograms,
  title={Histograms of oriented gradients for human detection},
  author={Dalal, Navneet and Triggs, Bill},
  booktitle={Computer Vision and Pattern Recognition, 2005. CVPR 2005. IEEE Computer Society Conference on},
  volume={1},
  pages={886--893},
  year={2005},
  organization={IEEE}
}

@inproceedings{ojala1994performance,
  title={Performance evaluation of texture measures with classification based on Kullback discrimination of distributions},
  author={Ojala, Timo and Pietikainen, Matti and Harwood, David},
  booktitle={Pattern Recognition, 1994. Vol. 1-Conference A: Computer Vision \&amp; Image Processing., Proceedings of the 12th IAPR International Conference on},
  volume={1},
  pages={582--585},
  year={1994},
  organization={IEEE}
}

@article{campbell2008using,
  title={Using multiple hypotheses to improve depth-maps for multi-view stereo},
  author={Campbell, Neill and Vogiatzis, George and Hern{\'a}ndez, Carlos and Cipolla, Roberto},
  journal={Computer Vision--ECCV 2008},
  pages={766--779},
  year={2008},
  publisher={Springer}
}

@article{levin1998approximation,
  title={The approximation power of moving least-squares},
  author={Levin, David},
  journal={Mathematics of Computation of the American Mathematical Society},
  volume={67},
  number={224},
  pages={1517--1531},
  year={1998}
}

@inproceedings{chuang2009estimating,
  title={Estimating the Laplace-Beltrami Operator by Restricting 3D Functions},
  author={Chuang, Ming and Luo, Linjie and Brown, Benedict J and Rusinkiewicz, Szymon and Kazhdan, Michael},
  booktitle={Computer Graphics Forum},
  volume={28},
  number={5},
  pages={1475--1484},
  year={2009},
  organization={Wiley Online Library}
}

@article{furukawa2010accurate,
  title={Accurate, dense, and robust multiview stereopsis},
  author={Furukawa, Yasutaka and Ponce, Jean},
  journal={Pattern Analysis and Machine Intelligence, IEEE Transactions on},
  volume={32},
  number={8},
  pages={1362--1376},
  year={2010},
  publisher={IEEE}
}

@inproceedings{ke2004pca,
  title={PCA-SIFT: A more distinctive representation for local image descriptors},
  author={Ke, Yan and Sukthankar, Rahul},
  booktitle={Computer Vision and Pattern Recognition, 2004. CVPR 2004. Proceedings of the 2004 IEEE Computer Society Conference on},
  volume={2},
  pages={II--506},
  year={2004},
  organization={IEEE}
}

@article{mikolajczyk2005performance,
  title={A performance evaluation of local descriptors},
  author={Mikolajczyk, Krystian and Schmid, Cordelia},
  journal={Pattern Analysis and Machine Intelligence, IEEE Transactions on},
  volume={27},
  number={10},
  pages={1615--1630},
  year={2005},
  publisher={IEEE}
}

@article{alparone1995robust,
  title={A robust coarse-to-fine least-squares stereo matching for automatic terrain 3-D reconstruction},
  author={Alparone, L and Argenti, F and Cappellini, V},
  year={1995}
}

@inproceedings{falkenhagen1997hierarchical,
  title={Hierarchical block-based disparity estimation considering neighbourhood constraints},
  author={Falkenhagen, Lutz},
  booktitle={Proc. International Workshop on SNHC and 3D Imaging},
  pages={115--122},
  year={1997},
  organization={Citeseer}
}

@article{falkenhagen1994depth,
  title={Depth estimation from stereoscopic image pairs assuming piecewise continuous surfaces},
  author={Falkenhagen, Lutz},
  journal={Paker, Y. and Wilbur, S.(Ed.), Image Processing for Broadcast and Video Production},
  pages={115--127},
  year={1994},
  publisher={Springer}
}

@incollection{deng2006fast,
  title={A fast line segment based dense stereo algorithm using tree dynamic programming},
  author={Deng, Yi and Lin, Xueyin},
  booktitle={Computer Vision--ECCV 2006},
  pages={201--212},
  year={2006},
  publisher={Springer}
}

@inproceedings{sun2005symmetric,
  title={Symmetric stereo matching for occlusion handling},
  author={Sun, Jian and Li, Yin and Kang, Sing Bing and Shum, Heung-Yeung},
  booktitle={Computer Vision and Pattern Recognition, 2005. CVPR 2005. IEEE Computer Society Conference on},
  volume={2},
  pages={399--406},
  year={2005},
  organization={IEEE}
}

@article{boykov2001fast,
  title={Fast approximate energy minimization via graph cuts},
  author={Boykov, Yuri and Veksler, Olga and Zabih, Ramin},
  journal={Pattern Analysis and Machine Intelligence, IEEE Transactions on},
  volume={23},
  number={11},
  pages={1222--1239},
  year={2001},
  publisher={IEEE}
}

@inproceedings{merrell2007real,
  title={Real-time visibility-based fusion of depth maps},
  author={Merrell, Paul and Akbarzadeh, Amir and Wang, Liang and Mordohai, Philippos and Frahm, Jan-Michael and Yang, Ruigang and Nist{\'e}r, David and Pollefeys, Marc},
  booktitle={Computer Vision, 2007. ICCV 2007. IEEE 11th International Conference on},
  pages={1--8},
  year={2007},
  organization={IEEE}
}

@incollection{geiger2010efficient,
  title={Efficient large-scale stereo matching},
  author={Geiger, Andreas and Roser, Martin and Urtasun, Raquel},
  booktitle={Computer Vision--ACCV 2010},
  pages={25--38},
  year={2010},
  publisher={Springer}
}

@article{hansch2014comparison,
  title={Comparison of 3D interest point detectors and descriptors for point cloud fusion},
  author={H{\"a}nsch, R and Weber, T and Hellwich, O},
  journal={ISPRS Annals of the Photogrammetry, Remote Sensing and Spatial Information Sciences},
  volume={2},
  number={3},
  pages={57},
  year={2014},
  publisher={Copernicus GmbH}
}

@inproceedings{tylecek2009depth,
  title={Depth map fusion with camera position refinement},
  author={Tylecek, Radim and Sara, Radim},
  booktitle={Computer Vision Winter Workshop},
  volume={70},
  pages={79--83},
  year={2009}
}

@inproceedings{kim2009multi,
  title={Multi-view image and tof sensor fusion for dense 3d reconstruction},
  author={Kim, Young Min and Theobalt, Christian and Diebel, James and Kosecka, Jana and Miscusik, Branislav and Thrun, Sebastian},
  booktitle={ICCV Workshops},
  pages={1542--1549},
  year={2009}
}

@article{Fuhrmann_2014,
	doi = {10.1145/2601097.2601163},
	url = {http://dx.doi.org/10.1145/2601097.2601163},
	year = 2014,
	month = {jul},
	publisher = {Association for Computing Machinery ({ACM})},
	volume = {33},
	number = {4},
	pages = {1--11},
	author = {Simon Fuhrmann and Michael Goesele},
	title = {Floating scale surface reconstruction},
	journal = {{TOG}}
}
@article{Ran2010Seamless,
  title={Seamless Montage for Texturing Models},
  author={Ran, Gal and Wexler, Yonatan and Ofek, Eyal and Hoppe, Hugues and Cohen-Or, Daniel},
  journal={Computer Graphics Forum},
  volume={29},
  number={2},
  pages={479–486},
  year={2010},
}

